2442 4617
171 716 191 752 11

169 792 296 829 romanum
308 792 322 823 a
336 775 413 828 PioV
426 773 531 837 editum,
547 787 570 823 et
585 790 712 841 progressu
730 777 843 841 temporis
856 777 882 826 in
894 778 977 826 multis
990 777 1108 845 deprava-

170 869 234 918 mm,
247 855 403 917 examinasse,
415 865 440 902 et
449 854 475 904 in
487 866 575 902 statum
587 855 716 920 pristinum
728 855 875 917 restituisse,
888 855 999 922 illudque
1011 859 1045 908 sic
1058 877 1110 909 rev

168 936 269 986 titutum
281 935 314 1007 ¹in
333 932 492 1000 typographia
503 934 613 982 vaticana
630 934 738 1000 imprimi
756 947 780 983 et
791 933 910 1000 dirsslgari
928 935 1032 1002 jussisse.
1051 943 1110 987 Pro-

167 1014 237 1065 hibet
250 1030 281 1063 na
299 1013 358 1063 alibi
368 1013 521 1079 imprimatur
537 1013 585 1063 nisi
600 1012 669 1081 juxta
681 1016 801 1080 exemplar
813 1014 972 1077 Vaticanum,
989 1028 1014 1065 et
1025 1016 1108 1067 halsita

169 1082 346 1144 ordinariorum
367 1093 475 1154 licentia,
494 1092 541 1140 sub
556 1109 629 1158 poena
648 1093 899 1144 excommunicationis
911 1097 964 1144 latas
979 1098 1111 1147 senteno‘u.

168 1171 292 1224 Interdicit
302 1188 373 1221 usum
386 1171 562 1221 Breviariorum
577 1173 747 1237 impressorum
760 1173 851 1239 absquo
871 1175 915 1222 tali
933 1173 1111 1226 ordinariorum

169 1252 264 1303 licentia
276 1252 302 1300 in
315 1251 421 1318 seriptis,
434 1267 489 1317 quse
501 1247 575 1299 fidem
595 1251 666 1300 faciat
680 1251 710 1300 do
723 1253 848 1301 collatione
863 1251 924 1301 facta
942 1254 1111 1318 predictorum

170 1331 346 1382 breviariorum
362 1348 418 1379 cum
429 1330 539 1395 originali
553 1347 672 1380 romano:
690 1330 760 1397 cujus
777 1332 854 1386 etiam
864 1333 966 1382 licentiae
978 1335 1047 1400 copia
1063 1336 1111 1387 ins

77 1452 78 1459 ,
171 1410 206 1461 tio
217 1412 256 1458 tel
270 1411 296 1458 in
316 1411 379 1459 calco
391 1408 509 1475 cujusque
529 1409 642 1459 Breviarii
659 1426 752 1475 semper
767 1410 927 1476 imprimatur.
939 1412 1060 1462 Prndictis
1072 1431 1112 1463 or-

169 1488 268 1541 dinariis
280 1487 391 1555 prohslaet
402 1506 433 1538 ne
445 1487 540 1554 aliquid
552 1487 623 1555 addi,
639 1491 678 1536 rel
690 1486 783 1538 detrahi
798 1491 938 1555 permittant
950 1528 957 1552 ‚
971 1505 994 1539 et
1006 1490 1056 1542 laec
1066 1494 1113 1544 sub

171 1586 242 1637 poena
257 1569 521 1630 excommunicationis,
538 1567 700 1634 suspensionis
712 1586 725 1615 n
743 1568 841 1630 divinis,
855 1587 882 1617 ac
895 1569 1015 1620 interdici
1028 1572 1059 1620 nb
1074 1573 1112 1622 inv

171 1664 256 1716 pressu
276 1649 387 1698 ecclesias.
398 1651 571 1700 Verumtamen
589 1648 727 1713 ingratiam
739 1664 872 1714 pauperum
889 1650 1009 1699 Brevioria
1030 1649 1113 1701 hacte-

172 1744 219 1779 w
231 1729 346 1794 impressa
360 1727 478 1790 vendere,
491 1726 556 1793 apud
568 1744 593 1775 se
603 1727 718 1788 retinere,
730 1744 758 1776 ac
770 1728 817 1776 illis
829 1728 865 1776 uti
876 1729 999 1794 permittit.

77 1908 78 1921 ¹
173 1855 306 1940 Uaramus
323 1904 386 1948 vm,
398 1886 465 1935 bulla
484 1902 538 1952 qun
552 1885 637 1951 incipit
649 1882 766 1933 Divinam
778 1883 952 1954 psalmodiam,
963 1885 1019 1936 datas
1030 1892 1113 1938 Roma

173 1966 213 2016 die
230 1964 264 2016 25
277 1966 380 2034 januarii
392 1982 456 2015 anno
471 1963 551 2025 1631,
565 1965 669 2013 declarat
679 1980 717 2027 sc,
732 1965 830 2030 piorum
854 1964 1030 2033 doctorumque
1049 1969 1113 2016 riso-

77 2060 78 2067 *
173 2062 229 2096 rum
240 2044 347 2095 adhibita
365 2062 421 2093 curn
428 2081 435 2106 ,
448 2044 596 2093 Breviarium
618 2060 632 2090 a
650 2044 724 2097 eiov
740 2042 844 2108 editum,
858 2055 882 2092 et
893 2063 906 2092 a
919 2047 1042 2095 Clemente
1055 2047 1114 2101 vm

173 2124 336 2190 recognitum,
348 2142 362 2172 a
374 2124 486 2189 pluribus
500 2122 594 2172 mendis
615 2138 774 2187 expurgasse,
797 2120 902 2191 hymnos
916 2123 946 2174 ad
960 2125 1030 2174 metri
1042 2139 1065 2173 et
1076 2127 1113 2174 ln-

77 2218 78 2237 *
173 2204 272 2253 tinitatis
297 2204 390 2269 regulas
406 2218 544 2264 revocasse,
565 2203 591 2250 in
607 2203 709 2250 Psalmis
730 2213 753 2249 et
775 2204 874 2252 canticis
894 2204 1114 2270 interpunctionem

174 2282 286 2332 editionis
297 2285 400 2349 vulgate
412 2282 541 2330 restituisse
554 2301 561 2343 ς
580 2297 712 2343 sermones,
726 2279 837 2330 homilias
842 2319 849 2344 ,
872 2294 895 2329 et
915 2295 1050 2331 sanctorum
1063 2283 1115 2334 his-

77 2356 78 2431 }
174 2363 258 2424 torius,
267 2364 358 2411 collatis
370 2361 489 2410 veteribus
501 2360 683 2427 manuscriptis,
692 2362 864 2427 recognovisse.
873 2361 1038 2427 Quamobrem
1047 2362 1115 2428 jubet

77 2434 78 2441 ἵ
174 2454 202 2492 ut
213 2441 280 2510 juxta
292 2440 356 2491 lianc
373 2440 542 2490 correctionem
555 2442 639 2489 Roma
650 2440 816 2506 imprimatur,
831 2440 888 2488 alibi
907 2440 974 2507 justa
987 2457 1115 2493 romanum

174 2524 294 2587 exemplar
306 2520 449 2581 escudntnr,
462 2520 561 2569 serratis
575 2518 754 2585 conditionibus
767 2520 793 2568 in
809 2520 967 2587 suprascripta
984 2520 1115 2571 Clementis

77 2628 78 2633 =
174 2600 242 2648 bulla
262 2601 420 2661 enumeratis,
439 2615 500 2665 quas
514 2599 562 2648 lere
575 2598 660 2647 iisdem
672 2598 751 2647 verbis
764 2600 862 2663 repetit,
875 2598 1008 2665 adjungens
1020 2598 1115 2650 endem

77 2680 78 2699 ¹
176 2679 324 2728 eonditioues
337 2677 465 2729 servandas
478 2678 505 2726 in
517 2678 671 2743 impressione
683 2694 766 2725 eorum
780 2694 834 2742 quas
851 2696 865 2724 a
877 2679 997 2726 Breviorio
1016 2695 1115 2729 romano

77 2782 78 2819 ;
177 2771 258 2807 ortum
281 2756 383 2819 hahent,
406 2756 542 2823 cujusmodi
564 2769 621 2806 sunt
637 2756 753 2818 Missalia,
776 2756 914 2819 Diuinalin,
937 2754 1022 2806 Officia
1041 2774 1114 2824 parva

77 2828 78 2837 ¹
176 2838 204 2887 B.
220 2838 300 2887 llariae
307 2833 519 2904 Virginis,0fficin
532 2835 629 2903 majoris
639 2833 809 2898 hebdomade,
822 2847 846 2884 et
857 2836 903 2885 elia
915 2835 942 2885 id
954 2853 1036 2902 genus.

178 2981 210 3017 u
232 2980 400 3023 numerosum
430 2980 554 3015 nronano
580 2981 601 3015 s·
619 2979 717 3014 struo!
748 2978 974 3016 cosouosrrosss
999 2980 1051 3015 unc
1082 2979 1116 3015 so

430 3059 583 3094 suvrssruss
601 3056 728 3094 rossano!
747 3057 877 3094 surum.

181 3092 279 3179 snm
296 3126 388 3174 rituum
412 3124 563 3189 congregatio
580 3120 711 3172 declararit
726 3133 750 3170 et
760 3120 867 3170 demerit
879 3138 929 3171 non
940 3122 1047 3189 potuisse
1063 3134 1117 3189 post

178 3203 272 3255 bulon
283 3204 321 3252 Pii
330 3206 353 3253 V
365 3204 396 3254 de
407 3203 527 3252 Breviario
544 3217 657 3264 romano,
677 3217 757 3268 nsque
768 3217 838 3266 posse
850 3202 957 3251 locorum
970 3200 1117 3263 ordinarios,

178 3295 228 3332 tam
249 3285 371 3332 seaculares
391 3300 465 3349 quam
486 3284 624 3348 regulares,
643 3279 731 3330 addere
751 3278 897 3329 kalendariis
920 3281 992 3328 etiam
1014 3281 1118 3348 propriis

87 3362 90 3367 '
179 3375 317 3413 sanctorum
329 3360 425 3425 officia,
439 3362 487 3411 nisi
508 3378 536 3410 es
551 3359 668 3410 duntaxat
690 3376 745 3427 qun
766 3360 879 3409 Breviorii
896 3359 989 3409 romani
1005 3360 1118 3421 nuntie,

95 3448 100 3463 '
179 3444 220 3493 rol
238 3460 310 3493 sacre
329 3443 419 3492 rituum
439 3440 642 3507 comptionis,
654 3457 697 3490 sau
713 3438 777 3489 sedis
798 3439 932 3504 apostoliea
947 3439 1043 3488 lieentia
1062 3456 1120 3489 oost-

179 3521 314 3575 oduntur:
326 3539 406 3588 neque
417 3522 514 3588 propria
527 3520 678 3583 auctoritate,
691 3519 779 3588 qssoais
796 3530 922 3584 pretextu,
934 3530 1026 3567 mutare
1045 3519 1119 3568 ritum

181 3602 226 3668 qui
243 3600 347 3652 habetur
367 3603 393 3651 in
416 3600 557 3651 kalendario
581 3617 680 3650 romano
703 3617 746 3649 seu
769 3598 870 3650 ruluicis
882 3597 995 3648 umisrii
1012 3596 1039 3646 in
1050 3598 1120 3647 altio·

180 3698 232 3733 ram
243 3679 334 3744 ritum,
345 3699 426 3749 neque
436 3680 563 3731 meandera
574 3696 683 3730 measse
696 3676 774 3729 offids
786 3677 818 3727 ds
829 3680 883 3731 looo
892 3678 923 3728 ad
934 3680 1023 3727 locum

221 3764 283 3813 ltem
293 3764 369 3812 vetuit
378 3775 402 3812 et
413 3761 538 3829 prohibuit
549 3760 662 3812 celebrari
669 3776 714 3826 per
722 3770 797 3808 totam
805 3758 926 3808 civitatem
936 3759 977 3806 vel
985 3755 1106 3806 dioeooeim
1112 3790 1119 3817 ,

180 3842 254 3895 uum
270 3842 302 3892 de
319 3843 494 3910 cujusmmque
514 3840 630 3891 ordinarii
647 3840 798 3900 auctoritate,
810 3836 896 3887 Mum
916 3854 971 3887 eum
984 3832 1079 3898 officio,
1091 3850 1120 3883 so

182 3921 288 3988 quodin
299 3924 352 3971 loeo
368 3923 431 3973 adsit
452 3922 548 3971 ecclesia
568 3916 722 3984 parochialis,
736 3919 776 3966 vel
794 3918 920 3981 regularis,
933 3919 972 3965 rel
983 3914 1120 3975 abbatialis,

181 4012 225 4049 sut
238 4001 321 4066 aliqua
337 4004 452 4070 reliquia,
470 3999 512 4050 sed
524 4010 617 4047 tantum
631 3998 656 4047 in
668 3997 745 4063 ipsius
764 3997 840 4045 uncti
855 3997 952 4046 eeclesia
964 3995 1066 4058 titulari,
1078 4009 1121 4045 sou

164 4076 366 4130 flammam
375 4098 466 4146 corpus
477 4089 523 4127 sut
533 4079 636 4144 insignis
647 4077 763 4145 reliquis,
776 4086 800 4124 et
813 4090 863 4123 non
875 4076 940 4124 alibi.

183 4148 305 4211 Μῶα
327 4172 414 4206 aurem
437 4160 560 4226 reliquias
572 4159 776 4211 deelanritesse
793 4167 881 4223 caput,
894 4153 1044 4218 leschin,
1060 4169 1127 4216 tm.
