2442 4617
138 666 155 723 6
395 683 540 724 nourricn
569 689 605 725 in
635 682 820 725 uururrrurt.

136 791 221 829 suum
237 771 372 842 totondit,
390 783 418 829 et
432 770 541 848 partivit
553 773 586 828 il·
662 773 767 829 Omnia
782 771 927 844 subjecisti
947 772 1001 827 sub
1016 771 1072 846 po-

138 853 207 908 lum.
623 850 708 907 dibus
724 852 801 924 ejus,
820 853 833 876 *
848 870 917 906 oves
933 863 962 907 et
981 852 1073 907 boves

175 933 213 988 Et
222 931 253 986 in
262 950 297 987 eo
308 928 419 1005 parovit
431 950 497 988 vasa
507 947 587 988 mor-
622 932 785 987 univorsos:
798 933 915 1005 insuper
926 941 954 985 et
967 932 1073 1006 pocora

136 1011 187 1081 tis,
199 1010 212 1036 *
224 1013 410 1092 sagittussuus
419 1011 586 1067 urdontibus
623 1010 730 1084 cumpi;

136 1090 237 1146 effocit.
662 1089 802 1147 volucres
825 1089 907 1157 coeii,
930 1098 958 1143 et
981 1088 1073 1163 pisces

176 1171 250 1225 Ecce
260 1166 394 1243 parturiit
403 1169 567 1240 injustitiam
578 1190 585 1224 :
622 1169 721 1238 maris,
732 1168 745 1194 *
759 1169 809 1243 qui
819 1166 1019 1243 peromhulunt
1030 1170 1074 1223 so-

136 1247 292 1323 *concopit
306 1247 451 1320 dolorem,
462 1260 490 1304 et
503 1252 588 1324 pope·
623 1250 705 1304 mitus
720 1248 813 1303 maris.

135 1328 174 1385 rit
186 1325 372 1402 iniquitotem.
663 1326 800 1397 Domine,
815 1325 957 1382 Dominus
965 1336 1072 1397 noster,

176 1409 283 1464 lucum
297 1407 424 1482 aporuit,
445 1418 474 1461 et
487 1405 588 1462 ciiodit
624 1406 731 1480 *quum
741 1404 956 1462 admirdbiicest
967 1425 1074 1461 nornen

137 1506 220 1557 eum,
235 1487 248 1512 *
271 1499 300 1542 ct
316 1486 418 1542 incidit
433 1485 463 1541 in
475 1486 587 1543 foveam
624 1497 706 1541 tuum
721 1486 752 1541 in
768 1486 900 1541 univorsa
916 1487 1007 1542 terra!

137 1566 308 1642 quamfecit.
753 1584 878 1620 rsutuus
896 1585 923 1640 9.

178 1646 370 1702 Convertotur
384 1646 469 1702 dolor
482 1646 543 1717 ejus
558 1644 587 1700 in
626 1617 827 1702 Commu
848 1645 917 1715 tibi,
938 1643 1075 1714 Domine,

138 1738 223 1800 caput
240 1725 319 1798 ejus:
337 1724 350 1750 *
365 1726 437 1780 etin
453 1725 589 1780 verticem
626 1725 655 1779 in
665 1724 825 1780 totocorde
837 1721 1076 1780 meoz'nurroho

137 1805 227 1880 ipsius
242 1803 375 1879 iniquitas
390 1804 451 1878 ejus
466 1804 588 1860 descen·
626 1803 721 1860 omnia
736 1802 874 1857 mirabilia
887 1812 946 1858 tua.

139 1884 196 1942 det.
665 1880 797 1938 Laetobor
807 1892 835 1937 et
844 1879 980 1938 exultobo
991 1881 1021 1936 in
1032 1892 1075 1936 te:

127 2000 129 2005 ·
187 1962 355 2020 Confite'bor
382 1962 508 2020 Domino
536 1981 588 2020 sc·
626 1961 767 2036 *psallam
780 1960 971 2033 nominituo,
987 1962 1076 2017 Altis·

139 2042 268 2099 condum
279 2043 417 2115 justitium
433 2042 494 2114 ejus
509 2064 515 2096 :
531 2042 544 2069 *
562 2050 590 2097 et
626 2043 704 2097 sime.

138 2124 255 2198 psallum
272 2120 382 2178 nomini
400 2119 517 2177 Domini
534 2121 590 2176 Al-
666 2123 700 2176 In
715 2120 913 2177 convertondo
929 2120 1078 2176 inimicum

138 2200 245 2258 tissimi.
626 2218 723 2256 meum
733 2198 908 2256 retrorsum:
925 2200 939 2226 '
949 2199 1077 2256 infirma-

276 2297 401 2335 rsmuns
416 2278 443 2335 8.
626 2276 1077 2353 hontur,etperibuntuiocietuu.

139 2334 290 2430 Domi,
312 2356 454 2415 Dominus
478 2369 589 2429 noster,
667 2358 812 2430 Quoniam
835 2357 926 2413 fecisti
936 2358 1079 2430 judicium

140 2439 153 2464 *
161 2458 248 2513 quam
256 2435 423 2495 admirdbiIe
433 2451 475 2496 est
484 2456 591 2494 nornen
627 2458 724 2495 meum
735 2449 763 2493 et
774 2456 887 2494 causam
897 2456 1006 2493 meum:
1017 2438 1030 2465 *
1041 2455 1080 2492 se·

139 2530 223 2575 tuum
236 2518 266 2574 in
283 2517 417 2574 univorsa
428 2519 518 2574 terra!
629 2519 696 2575 disti
709 2536 797 2592 super
805 2518 943 2572 thronum
948 2559 958 2589 ‚
973 2517 1025 2592 qui
1032 2514 1080 2590 jd·

180 2597 325 2669 Quoniam
341 2596 448 2654 cicuitu
459 2609 501 2654 est
512 2616 593 2672 mag·
629 2598 706 2654 dicas
717 2596 862 2670 justitiam.

141 2677 282 2734 nificontia
298 2688 346 2732 tuu
363 2675 376 2701 *
391 2696 479 2752 super
494 2678 590 2732 coelos.
669 2672 825 2750 lncrepdsti
840 2686 959 2749 gentes,
982 2685 1010 2730 et
1026 2676 1079 2749 po-

180 2759 225 2812 Ex
240 2774 291 2812 ore
307 2752 459 2811 insontium
480 2767 508 2813 et
530 2758 592 2811 iac·
629 2757 675 2813 riit
692 2755 814 2831 impius:
828 2755 840 2781 *
856 2773 964 2810 nomen
979 2754 1080 2810 eorum

140 2835 262 2892 tontium
299 2834 444 2909 perfecisti
477 2835 593 2891 laudem
629 2836 730 2892 delesti
738 2835 768 2891 in
781 2838 935 2903 aetornum,
949 2845 977 2889 et
990 2834 1081 2889 inste·

141 2925 262 2990 propter
281 2913 411 2969 inimicos
429 2925 512 2985 tuos,
526 2915 539 2940 *
560 2926 594 2969 ut
630 2916 727 2971 culum
743 2914 845 2969 saeculi.

142 2995 271 3052 docturus
295 2992 442 3048 inimicum
467 3007 496 3050 et
516 2992 594 3050 ulto-
669 2993 779 3050 inimici
789 2992 956 3047 defecorunt
968 2989 1082 3048 fromeae

142 3092 213 3131 rem.
630 3067 1081 3144 infinem,'etcivitdteseorum

193 3150 339 3224 Quoniam
368 3151 475 3207 vidobo
507 3153 593 3208 coelos
631 3151 803 3209 destruxisti.

143 3245 210 3288 tuos
234 3229 323 3306 opera
344 3229 500 3305 digitorum
523 3231 593 3287 tuo-
667 3228 1082 3288 Periitmemoriueorumcum

142 3331 208 3369 rum
220 3332 226 3367 :
239 3311 252 3338 *
264 3312 361 3366 lunum
374 3322 402 3366 et
413 3312 520 3382 stelias,
531 3330 594 3386 quae
632 3311 743 3368 sonitu:
754 3310 768 3336 '
777 3320 805 3365 et
815 3309 956 3365 Dominus
965 3309 995 3364 in
1008 3311 1084 3364 aetor·

142 3403 175 3450 tu
187 3387 321 3448 sundosti.
632 3411 702 3447 num
717 3391 876 3465 pormanet.

183 3471 263 3543 Quid
274 3480 316 3527 est
325 3469 429 3536 homo,
441 3469 522 3544 quod
534 3489 596 3525 me-
672 3465 782 3525 Parovit
791 3466 936 3539 injudicio
945 3466 1082 3521 thronum

143 3571 210 3609 mor
224 3569 254 3607 es
269 3547 372 3624 ejusi*
385 3560 435 3605 unt
448 3549 524 3605 filius
538 3547 595 3606 ho·
632 3568 716 3606 suum
728 3568 735 3603 z
748 3547 760 3572 *
774 3557 802 3601 et
813 3541 1023 3620 ipsejudicobit
1036 3563 1084 3599 or-

143 3631 244 3702 minis‚
256 3628 392 3703 quoniam
403 3628 498 3686 visitas
510 3629 596 3685 eum?
632 3630 698 3684 bern
713 3639 795 3682 terrae
805 3623 835 3678 in
851 3620 996 3697 inquisite,
1004 3623 1086 3696 judi·

184 3709 314 3764 Minuisti
325 3727 390 3764 eum
402 3710 490 3784 paulo
501 3708 595 3764 minus
633 3705 710 3764 cibit
723 3702 848 3779 populos
859 3703 889 3756 in
902 3702 1019 3773 justitio.

144 3790 181 3845 ab
197 3787 328 3859 Angelis,
339 3786 429 3861 gloria
441 3798 469 3844 et
484 3786 596 3845 honore
673 3787 709 3841 Et
721 3783 812 3838 fuctus
826 3790 868 3836 est
879 3779 1024 3836 Dominus
1039 3799 1086 3836 re-

145 3861 291 3924 corondsti
307 3884 373 3939 eum
389 3886 396 3920 τ
410 3867 424 3892 '
442 3880 470 3924 et
486 3867 595 3923 consti-
633 3863 744 3938 frigium
754 3857 890 3992 ponzen-i,
903 3858 916 3883 *
928 3857 1086 3929 adjdtorin

145 3943 224 4002 trosti
239 3962 305 3999 eum
321 3960 408 4020 super
427 3944 516 4022 opera
532 3943 596 4004 mo·
634 3937 803 4017 opportunit
820 3937 914 4006 tibus,
924 3936 954 3991 in
965 3937 1087 3992 tribula-

141 4041 236 4080 mmm
253 4019 375 4079 tuorum.
635 4020 721 4077 tione.
